<collection xmlns="http://www.loc.gov/MARC21/slim">
<record>
  <leader>01807nam0a2200289 i 450 </leader>
  <controlfield tag="001">IT\ICCU\CNCE\062124</controlfield>
  <controlfield tag="005">20130912000000.0</controlfield>
  <datafield tag="012" ind1=" " ind2=" ">
    <subfield code="a">eus. dei- amu* Mibu (3) 1589 (A)</subfield>
    <subfield code="2">fei</subfield>
  </datafield>
  <datafield tag="100" ind1=" " ind2=" ">
    <subfield code="a">20051026d1589        0itac0103    ba</subfield>
  </datafield>
  <datafield tag="101" ind1=" " ind2=" ">
    <subfield code="a">LAT</subfield>
  </datafield>
  <datafield tag="102" ind1=" " ind2=" ">
    <subfield code="a">IT</subfield>
  </datafield>
  <datafield tag="200" ind1="1" ind2=" ">
    <subfield code="a">℗Herculis Peregrini i. v. d. ℗Responsum contra Peregrinum, &amp; Luciam coniuges de Ambrosinis reos conuentos, ad quorum fauorem Rota Bonon. vnanimi voto sententiam dixit, decisionemque superinde compilauit d. Ioachimus Scaglinius Salodiensis vnus ex d. Rot. Aud. in praedicta causa, &amp; cognitor, &amp; votans; super eo, quod praelegatum praedij Rauoni, de quo contrauertebatur veniat in restitutione fideicommissi producti vn ̉cum alijs bonis, quodque in contrarium adducta de iure non subsistant</subfield>
  </datafield>
  <datafield tag="210" ind1=" " ind2=" ">
    <subfield code="a">Bononiae</subfield>
    <subfield code="c">apud Alexandrum Benatium</subfield>
    <subfield code="d">1589</subfield>
  </datafield>
  <datafield tag="215" ind1=" " ind2=" ">
    <subfield code="a">\4!, 39, \1! p.</subfield>
    <subfield code="d">fol</subfield>
  </datafield>
  <datafield tag="620" ind1=" " ind2=" ">
    <subfield code="a">IT</subfield>
    <subfield code="d">Bologna</subfield>
  </datafield>
  <datafield tag="700" ind1=" " ind2="1">
    <subfield code="a">Pellegrini,</subfield>
    <subfield code="b">Ercole</subfield>
    <subfield code="3">IT\ICCU\CNCA\024450</subfield>
  </datafield>
  <datafield tag="712" ind1="0" ind2="0">
    <subfield code="a">Benacci, Alessandro</subfield>
    <subfield code="3">IT\ICCU\CNCT\000020</subfield>
    <subfield code="4">650</subfield>
  </datafield>
  <datafield tag="790" ind1=" " ind2="1">
    <subfield code="a">Peregrinus,Hercules</subfield>
    <subfield code="3">IT\ICCU\CNCA\027940</subfield>
    <subfield code="z">Pellegrini, Ercole</subfield>
  </datafield>
  <datafield tag="791" ind1="0" ind2="0">
    <subfield code="a">Benazzi, Alessandro</subfield>
    <subfield code="3">IT\ICCU\CNCT\003631</subfield>
    <subfield code="z">Benacci, Alessandro</subfield>
  </datafield>
  <datafield tag="791" ind1="0" ind2="0">
    <subfield code="a">Benatius, Alexander</subfield>
    <subfield code="3">IT\ICCU\CNCT\003647</subfield>
    <subfield code="z">Benacci, Alessandro</subfield>
  </datafield>
  <datafield tag="791" ind1="0" ind2="0">
    <subfield code="a">Benacio, Alessandro</subfield>
    <subfield code="3">IT\ICCU\CNCT\004322</subfield>
    <subfield code="z">Benacci, Alessandro</subfield>
  </datafield>
  <datafield tag="791" ind1="0" ind2="0">
    <subfield code="a">Benacius, Alexander</subfield>
    <subfield code="3">IT\ICCU\CNCT\004323</subfield>
    <subfield code="z">Benacci, Alessandro</subfield>
  </datafield>
  <datafield tag="791" ind1="0" ind2="0">
    <subfield code="a">Benaccius, Alexander</subfield>
    <subfield code="3">IT\ICCU\CNCT\004324</subfield>
    <subfield code="z">Benacci, Alessandro</subfield>
  </datafield>
  <datafield tag="801" ind1=" " ind2="3">
    <subfield code="a">IT</subfield>
    <subfield code="b">ICCU</subfield>
    <subfield code="c">20201115</subfield>
  </datafield>
  <datafield tag="899" ind1=" " ind2=" ">
    <subfield code="a">Biblioteca  Panizzi. Reggio Emilia</subfield>
    <subfield code="1">RE0052</subfield>
    <subfield code="2">RE2 PA</subfield>
  </datafield>
  <datafield tag="911" ind1=" " ind2=" ">
    <subfield code="a">Sul front.</subfield>
    <subfield code="9">IT\ICCU\CNCM\000270</subfield>
  </datafield>
  <datafield tag="921" ind1=" " ind2=" ">
    <subfield code="a">IT\ICCU\CNCM\000270</subfield>
    <subfield code="b">Nave in lago in tempesta. In cornice figurata</subfield>
    <subfield code="e">Fluctibus et fremitu assurgens Benace Marino</subfield>
    <subfield code="c">V8</subfield>
    <subfield code="c">Z776</subfield>
    <subfield code="d">Dimensioni: 7,5 x 10,2</subfield>
    <subfield code="f">FLUCTIBUSE</subfield>
    <subfield code="f">LAGO</subfield>
    <subfield code="f">NAVE</subfield>
    <subfield code="f">TEMPESTA</subfield>
    <subfield code="g">1567-1600</subfield>
  </datafield>
</record>
</collection>
